%-------------------------------------------------------------------%
% Additional References for Technical Foundations
%-------------------------------------------------------------------%

% ONNX References
@misc{onnxgithub2019,
  title  = {ONNX: Open Neural Network Exchange},
  author = {ONNX Contributors},
  year   = {2019},
  url    = {https://github.com/onnx/onnx},
  note   = {GitHub repository}
}

@article{onnxruntime2020,
  title   = {ONNX Runtime: Cross-platform, high performance ML inferencing and training accelerator},
  author  = {Microsoft},
  journal = {Technical Report},
  year    = {2020},
  url     = {https://onnxruntime.ai/}
}

% Flutter References
@misc{flutter2021,
  title  = {Flutter: Build apps for any screen},
  author = {Google},
  year   = {2021},
  url    = {https://flutter.dev},
  note   = {Official Flutter Documentation}
}

@inproceedings{flutteronnx2022,
  title     = {Mobile Machine Learning with Flutter and ONNX},
  author    = {Community Contributors},
  booktitle = {Flutter Community Packages},
  year      = {2022},
  url       = {https://pub.dev/packages/onnxruntime}
}

% FastAPI References
@misc{ramirez2020fastapi,
  title  = {FastAPI: Modern, fast web framework for building APIs with Python 3.7+},
  author = {Sebastián Ramírez},
  year   = {2020},
  url    = {https://fastapi.tiangolo.com/},
  note   = {Official FastAPI Documentation}
}

@misc{techempowerbenchmark2023,
  title  = {Web Framework Benchmarks},
  author = {TechEmpower},
  year   = {2023},
  url    = {https://www.techempower.com/benchmarks/},
  note   = {Performance Analysis Report}
}

% Docker References
@article{merkel2014docker,
  title     = {Docker: Lightweight Linux containers for consistent development and deployment},
  author    = {Merkel, Dirk},
  journal   = {Linux Journal},
  volume    = {2014},
  number    = {239},
  pages     = {2},
  year      = {2014},
  publisher = {Belltown Media}
}

@techreport{ibmcontaineranalysis2017,
  title       = {An Updated Performance Comparison of Virtual Machines and Linux Containers},
  author      = {IBM Research},
  institution = {IBM Corporation},
  year        = {2017},
  type        = {Technical Report}
}

% Evaluation Metrics References
@book{rice1996ocr,
  title     = {The Fourth Annual Test of OCR Accuracy},
  author    = {Rice, Stephen V and Jenkins, Frank R and Nartker, Thomas A},
  year      = {1996},
  publisher = {Information Science Research Institute},
  address   = {University of Nevada, Las Vegas}
}

@article{zhang1989tree,
  title     = {Simple fast algorithms for the editing distance between trees and related problems},
  author    = {Zhang, Kaizhong and Shasha, Dennis},
  journal   = {SIAM Journal on Computing},
  volume    = {18},
  number    = {6},
  pages     = {1245--1262},
  year      = {1989},
  publisher = {SIAM}
}

@article{bille2005tree,
  title     = {A survey on tree edit distance and related problems},
  author    = {Bille, Philip},
  journal   = {Theoretical Computer Science},
  volume    = {337},
  number    = {1-3},
  pages     = {217--239},
  year      = {2005},
  publisher = {Elsevier}
}