%-------------------------------------------------------------------%
% Bibliography file for Vincent Franstyo's Thesis
% Topic: OCR-free Payment Receipt Data Extraction System
%-------------------------------------------------------------------%

@misc{qris,
  title        = {Quick Response Code Indonesian Standard (QRIS)},
  author       = {{Bank Indonesia}},
  year         = {2019},
  howpublished = {Online},
  url          = {https://www.bi.go.id/id/fungsi-utama/sistem-pembayaran/ritel/kanal-layanan/QRIS/default.aspx},
  note         = {Accessed on: 2024-10-27}
}

@article{qris2023goodstats,
  author  = {GoodStats},
  title   = {QRIS, Metode Pembayaran Andalan Gen Z dan Milenial},
  journal = {GoodStats},
  year    = {2023},
  day     = {02},
  url     = {https://goodstats.id/article/qris-metode-pembayaran-andalan-gen-z-dan-milenial-54Cpb}
}

@article{CNNqris2024,
  author  = {{CNN Indonesia}},
  title   = {BI Catat Transaksi QRIS Naik 175,44 Persen Pada April 2024},
  journal = {CNN Indonesia},
  year    = {2024},
  day     = {24},
  url     = {https://www.cnnindonesia.com/ekonomi/20240424200730-78-1090150/bi-catat-transaksi-qris-naik-17544-persen-pada-april-2024}
}

@article{Tempo2024BIQRIS,
  author  = {Tempo},
  title   = {BI Catat Transaksi QRIS Capai Rp 31,65 Triliun, Melonjak 149,46 Persen},
  journal = {Tempo.co},
  year    = {2024},
  url     = {https://www.tempo.co/ekonomi/bi-catat-transaksi-qris-capai-rp-31-65-triliun-melonjak-149-46-persen-84948}
}

@article{jawapos2024qris,
  author  = {JawaPos},
  title   = {57 Persen Gen Z dan Millenial Pilih Transaksi Non-Tunai, Mana yang Lebih Efektif QRIS atau Cash?},
  journal = {Radar Lawu},
  year    = {2024},
  url     = {https://radarlawu.jawapos.com/lifestyle/2205396980/57-persen-gen-z-dan-millenial-pilih-transaksi-non-tunai-mana-yang-lebih-efektif-qris-atau-cash}
}

@article{beck2019managing,
  author    = {Beck, Joshua J. and Garris III, Richard O.},
  title     = {Managing Personal Finance Literacy in the United States: A Case Study},
  journal   = {Education Sciences},
  volume    = {9},
  number    = {129},
  year      = {2019},
  pages     = {1--11},
  publisher = {MDPI},
  doi       = {10.3390/educsci9020129},
  url       = {https://www.mdpi.com/journal/education}
}

@inproceedings{lewis2019follow,
  author    = {Lewis, Makayla and Perry, Mark},
  title     = {Follow the Money: Managing Personal Finance Digitally},
  booktitle = {2019 CHI Conference on Human Factors in Computing Systems Proceedings (CHI 2019)},
  year      = {2019},
  pages     = {1--14},
  publisher = {ACM},
  address   = {Glasgow, Scotland, UK},
  doi       = {10.1145/3290605.3300620},
  url       = {https://doi.org/10.1145/3290605.3300620}
}

@article{johan2021effect,
  author    = {Johan, Irni and Rowlingson, Karen and Appleyard, Lindsey},
  title     = {The Effect of Personal Finance Education on The Financial Knowledge, Attitudes and Behaviour of University Students in Indonesia},
  journal   = {Journal of Family and Economic Issues},
  volume    = {42},
  pages     = {351--367},
  year      = {2021},
  publisher = {Springer},
  doi       = {10.1007/s10834-020-09721-9},
  url       = {https://doi.org/10.1007/s10834-020-09721-9}
}

@inproceedings{kaye2014money,
  author    = {Kaye, Joseph {'Jofish'} and McCuistion, Mary and Gulotta, Rebecca and Shamma, David A.},
  title     = {Money Talks: Tracking Personal Finances},
  booktitle = {Proceedings of the SIGCHI Conference on Human Factors in Computing Systems},
  year      = {2014},
  pages     = {521--530},
  publisher = {ACM},
  address   = {Toronto, ON, Canada},
  doi       = {10.1145/2556288.2556975},
  url       = {http://dx.doi.org/10.1145/2556288.2556975}
}

@misc{ramirez2020fastapi,
  title  = {FastAPI: Modern, Fast Web Framework for Building APIs with Python 3.7+},
  author = {Sebastián Ramírez},
  year   = {2020},
  url    = {https://fastapi.tiangolo.com/},
  note   = {Official FastAPI Documentation}
}

@inproceedings{neudecker2021survey,
  title     = {A Survey of OCR Evaluation Tools and Metrics},
  author    = {Neudecker, Clemens and Baierer, Konstantin and Gerber, Mike and Clausner, Christian and Antonacopoulos, Apostolos and Pletschacher, Stefan},
  booktitle = {Proceedings of the 6th International Workshop on Historical Document Imaging and Processing},
  pages     = {13--18},
  year      = {2021}
}

@misc{jayaswal2020evalmetrics,
  title  = {Performance Metrics: Confusion Matrix, Precision, Recall, and F1 Score},
  author = {Vaibhav Jayaswal},
  year   = {2020},
  url    = {https://towardsdatascience.com/performance-metrics-confusion-matrix-precision-recall-and-f1-score-a8fe076a2262}
}

@misc{flutter2021,
  title  = {Flutter: Build Apps for Any Screen},
  author = {Google},
  year   = {2021},
  url    = {https://flutter.dev},
  note   = {Official Flutter Documentation}
}

% Core Donut Paper

@inproceedings{xu2020layoutlm,
  title     = {LayoutLM: Pre-training of Text and Layout for Document Image Understanding},
  author    = {Xu, Yiheng and Li, Minghao and Cui, Lei and Huang, Shaohan and Wei, Furu and Zhou, Ming},
  booktitle = {Proceedings of the 26th ACM SIGKDD International Conference on Knowledge Discovery \& Data Mining},
  pages     = {1192--1200},
  year      = {2020}
}

@article{koroteev2021bert,
  title   = {BERT: A Review of Applications in Natural Language Processing and Understanding},
  author  = {Koroteev, Mikhail V},
  journal = {arXiv preprint \url{arXiv:2103.11943}},
  year    = {2021}
}

@book{bradski2008learning,
  title     = {Learning OpenCV: Computer Vision with the OpenCV Library},
  author    = {Bradski, Gary and Kaehler, Adrian},
  year      = {2008},
  publisher = {" O'Reilly Media, Inc."}
}

@article{shi2016end,
  title     = {An End-to-End Trainable Neural Network for Image-Based Sequence Recognition and Its Application to Scene Text Recognition},
  author    = {Shi, Baoguang and Bai, Xiang and Yao, Cong},
  journal   = {IEEE Transactions on Pattern Analysis and Machine Intelligence},
  volume    = {39},
  number    = {11},
  pages     = {2298--2304},
  year      = {2016},
  publisher = {IEEE}
}

@article{kim2021donut,
  title   = {Donut: Document Understanding Transformer Without OCR},
  author  = {Kim, Geewook and Hong, Teakgyu and Yim, Moonbin and Park, Jinyoung and Yim, Jinyeong and Hwang, Wonseok and Yun, Sangdoo and Han, Dongyoon and Park, Seunghyun},
  journal = {arXiv preprint \url{arXiv:2111.15664}},
  volume  = {7},
  number  = {15},
  pages   = {2},
  year    = {2021}
}

@article{han2021transformer,
  title   = {Transformer in Transformer},
  author  = {Han, Kai and Xiao, An and Wu, Enhua and Guo, Jianyuan and Xu, Chunjing and Wang, Yunhe},
  journal = {Advances in Neural Information Processing Systems},
  volume  = {34},
  pages   = {15908--15919},
  year    = {2021}
}

% Transformer Architecture
@article{vaswani2017attention,
  title   = {Attention Is All You Need},
  author  = {Vaswani, Ashish and Shazeer, Noam and Parmar, Niki and Uszkoreit, Jakob and Jones, Llion and Gomez, Aidan N and Kaiser, {\L}ukasz and Polosukhin, Illia},
  journal = {Advances in Neural Information Processing Systems},
  volume  = {30},
  year    = {2017}
}

% Swin Transformer
@inproceedings{liu2021swin,
  title     = {Swin Transformer: Hierarchical Vision Transformer Using Shifted Windows},
  author    = {Liu, Ze and Lin, Yutong and Cao, Yue and Hu, Han and Wei, Yixuan and Zhang, Zheng and Lin, Stephen and Guo, Baining},
  booktitle = {Proceedings of the IEEE/CVF International Conference on Computer Vision},
  pages     = {10012--10022},
  year      = {2021}
}


% BART
@article{lewis2019bart,
  title   = {BART: Denoising Sequence-to-Sequence Pre-training for Natural Language Generation, Translation, and Comprehension},
  author  = {Lewis, Mike and Liu, Yinhan and Goyal, Naman and Ghazvininejad, Marjan and Mohamed, Abdelrahman and Levy, Omer and Stoyanov, Ves and Zettlemoyer, Luke},
  journal = {arXiv preprint \url{arXiv:1910.13461}},
  year    = {2019}
}

% Deep Learning Book
@book{Goodfellow-et-al-2016,
  title     = {Deep Learning},
  author    = {Ian Goodfellow and Yoshua Bengio and Aaron Courville},
  publisher = {MIT Press},
  note      = {\url{http://www.deeplearningbook.org}},
  year      = {2016}
}

% Computer Vision for Document Analysis
@article{alzubaidi2021review,
  title     = {{Review of Deep Learning: Concepts, CNN Architectures, Challenges, Applications, Future Directions}},
  author    = {Alzubaidi, Laith and Zhang, Jinglan and Humaidi, Amjad J and Al-Dujaili, Ayad and Duan, Ye and Al-Shamma, Omran and Santamar{\'\i}a, Jos{\'e} and Fadhel, Mohammed A and Al-Amidie, Muthana and Farhan, Laith},
  journal   = {Journal of Big Data},
  volume    = {8},
  pages     = {1--74},
  year      = {2021},
  publisher = {Springer}
}

@inproceedings{xie2021oriented,
  title     = {Oriented R-CNN for Object Detection},
  author    = {Xie, Xingxing and Cheng, Gong and Wang, Jiabao and Yao, Xiwen and Han, Junwei},
  booktitle = {Proceedings of the IEEE/CVF International Conference on Computer Vision},
  pages     = {3520--3529},
  year      = {2021}
}

@inproceedings{bajrami2023comprehensive,
  title     = {A Comprehensive Analysis of LayoutLM and Donut for Document Classification},
  author    = {Bajrami, Merxhan and Zdravevski, Eftim and Lameski, Petre and Stojkoska, Biljana},
  booktitle = {Proceedings of the 20th International Conference on Informatics and Information Technologies—CIIT},
  year      = {2023}
}

@article{carta2024end,
  title     = {An End-to-End OCR-Free Solution For Identity Document Information Extraction},
  author    = {Carta, Salvatore and Giuliani, Alessandro and Piano, Leonardo and Tiddia, Sandro Gabriele},
  journal   = {Procedia Computer Science},
  volume    = {246},
  pages     = {453--462},
  year      = {2024},
  publisher = {Elsevier}
}

@article{feyisa2024future,
  title   = {The Future of Document Indexing: GPT and Donut Revolutionize Table of Content Processing},
  author  = {Feyisa, Degaga Wolde and Berihun, Haylemicheal and Zewdu, Amanuel and Najimoghadam, Mahsa and Zare, Marzieh},
  journal = {arXiv preprint \url{arXiv:2403.07553}},
  year    = {2024}
}

@article{diwan2023object,
  title     = {Object Detection Using YOLO: Challenges, Architectural Successors, Datasets and Applications},
  author    = {Diwan, Tausif and Anirudh, G and Tembhurne, Jitendra V},
  journal   = {Multimedia Tools and Applications},
  volume    = {82},
  number    = {6},
  pages     = {9243--9275},
  year      = {2023},
  publisher = {Springer}
}

@article{peffers2007dsrm,
  title   = {A Design Science Research Methodology for Information Systems Research},
  author  = {Peffers, Ken and Tuunanen, Tuure and Rothenberger, Marcus and Chatterjee, S.},
  year    = {2007},
  pages   = {45-77},
  title   = {A Design Science Research Methodology for Information Systems Research},
  volume  = {24},
  journal = {Journal of Management Information Systems}
}

@inproceedings{wang2019convolutional,
  title        = {Convolutional Recurrent Neural Networks for Text Classification},
  author       = {Wang, Ruishuang and Li, Zhao and Cao, Jian and Chen, Tong and Wang, Lei},
  booktitle    = {2019 International Joint Conference on Neural Networks (IJCNN)},
  pages        = {1--6},
  year         = {2019},
  organization = {IEEE}
}

% SUS (System Usability Scale) References

@inbook{brooke1996sus,
  title     = {SUS: A Quick and Dirty Usability Scale},
  author    = {Brooke, John},
  booktitle = {Usability Evaluation in Industry},
  editor    = {Jordan, Patrick W. and Thomas, Bruce and McClelland, Ian L. and Weerdmeester, Bernard},
  publisher = {Taylor \& Francis},
  pages     = {189--194},
  year      = {1996}
}

@article{bangor2008empirical,
  title     = {An Empirical Evaluation of the System Usability Scale},
  author    = {Bangor, Aaron and Kortum, Philip T. and Miller, James T.},
  journal   = {International Journal of Human-Computer Studies},
  volume    = {66},
  number    = {11},
  pages     = {842--851},
  year      = {2008},
  publisher = {Elsevier},
  doi       = {10.1016/j.ijhcs.2008.06.002}
}

@article{bangor2009determining,
  title   = {Determining What Individual SUS Scores Mean: Adding an Adjective Rating Scale},
  author  = {Bangor, Aaron and Kortum, Philip and Miller, James},
  journal = {Journal of Usability Studies},
  volume  = {4},
  number  = {3},
  pages   = {114--123},
  year    = {2009}
}

@book{tullis2013measuring,
  title     = {{Measuring the User Experience: Collecting, Analyzing, and Presenting Usability Metrics}},
  author    = {Tullis, Thomas and Albert, Bill},
  edition   = {2nd},
  publisher = {Morgan Kaufmann},
  year      = {2013},
  isbn      = {978-0124157781}
}

@inproceedings{sauro2011measuring,
  title     = {Measuring Usability with the System Usability Scale (SUS)},
  author    = {Sauro, Jeff},
  booktitle = {Proceedings of the 2011 CHI Conference on Human Factors in Computing Systems},
  year      = {2011},
  address   = {Vancouver, BC, Canada},
  publisher = {ACM}
}

@article{lewis2018sus,
  title     = {The System Usability Scale: Past, Present, and Future},
  author    = {Lewis, James R. and Sauro, Jeff},
  journal   = {International Journal of Human-Computer Studies},
  volume    = {116},
  pages     = {75--89},
  year      = {2018},
  publisher = {Elsevier},
  doi       = {10.1016/j.ijhcs.2018.01.002}
}

@article{wandhe2024new,
  title   = {The New Generation: Understanding Millennials and Gen Z},
  author  = {Wandhe, Dr Priyanka},
  journal = {Available at SSRN 4716585},
  year    = {2024}
}

@misc{Campfire2024GenZ,
  author       = {{Campfire}},
  title        = {Unpacking Gen Z Trends for Modern GTM Teams},
  year         = {2024},
  howpublished = {\url{https://camphouse.io/blog/gen-z-trends}},
  note         = {Accessed on: 2025-07-23}
}
