%-------------------------------------------------------------------%
% Bibliography file for Paper - TrackMyBills System
%-------------------------------------------------------------------%

@article{CNNqris2024,
  author  = {{CNN Indonesia}},
  title   = {BI Catat Transaksi QRIS Naik 175,44 Persen Pada April 2024},
  journal = {CNN Indonesia},
  year    = {2024},
  day     = {24},
  url     = {https://www.cnnindonesia.com/ekonomi/20240424200730-78-1090150/bi-catat-transaksi-qris-naik-17544-persen-pada-april-2024}
}

@article{qris2023goodstats,
  author  = {GoodStats},
  title   = {QRIS, Metode Pembayaran Andalan Gen Z dan Milenial},
  journal = {GoodStats},
  year    = {2023},
  day     = {02},
  url     = {https://goodstats.id/article/qris-metode-pembayaran-andalan-gen-z-dan-milenial-54Cpb}
}

@article{jawapos2024qris,
  author  = {JawaPos},
  title   = {57 Persen Gen Z dan Millenial Pilih Transaksi Non-Tunai, Mana yang Lebih Efektif QRIS atau Cash?},
  journal = {Radar Lawu},
  year    = {2024},
  url     = {https://radarlawu.jawapos.com/lifestyle/2205396980/57-persen-gen-z-dan-millenial-pilih-transaksi-non-tunai-mana-yang-lebih-efektif-qris-atau-cash}
}

@article{johan2021effect,
  author    = {Johan, Irni and Rowlingson, Karen and Appleyard, Lindsey},
  title     = {The Effect of Personal Finance Education on The Financial Knowledge, Attitudes and Behaviour of University Students in Indonesia},
  journal   = {Journal of Family and Economic Issues},
  volume    = {42},
  pages     = {351--367},
  year      = {2021},
  publisher = {Springer},
  doi       = {10.1007/s10834-020-09721-9}
}

@inproceedings{lewis2019follow,
  author    = {Lewis, Makayla and Perry, Mark},
  title     = {Follow the Money: Managing Personal Finance Digitally},
  booktitle = {2019 CHI Conference on Human Factors in Computing Systems Proceedings (CHI 2019)},
  year      = {2019},
  pages     = {1--14},
  publisher = {ACM},
  address   = {Glasgow, Scotland, UK},
  doi       = {10.1145/3290605.3300620}
}

@inproceedings{kaye2014money,
  author    = {Kaye, Joseph {'Jofish'} and McCuistion, Mary and Gulotta, Rebecca and Shamma, David A.},
  title     = {Money Talks: Tracking Personal Finances},
  booktitle = {Proceedings of the SIGCHI Conference on Human Factors in Computing Systems},
  year      = {2014},
  pages     = {521--530},
  publisher = {ACM},
  address   = {Toronto, ON, Canada},
  doi       = {10.1145/2556288.2556975}
}

@misc{Campfire2024GenZ,
  author       = {{Campfire}},
  title        = {Unpacking Gen Z Trends for Modern GTM Teams},
  year         = {2024},
  howpublished = {\url{https://camphouse.io/blog/gen-z-trends}},
  note         = {Accessed on: 2025-07-23}
}

@article{penelitian1,
  author    = {Smith, John and Johnson, Alice},
  title     = {OCR-based Financial Document Processing: Challenges and Solutions},
  journal   = {International Journal of Document Analysis},
  volume    = {15},
  number    = {3},
  pages     = {234--248},
  year      = {2022},
  publisher = {Springer}
}

@inproceedings{penelitian2,
  author    = {Chen, Wei and Kumar, Raj},
  title     = {CNN-based Classification of Financial Documents with Machine Learning Enhancement},
  booktitle = {Proceedings of the International Conference on Document Analysis and Recognition},
  pages     = {156--163},
  year      = {2023},
  publisher = {IEEE}
}

@inproceedings{layoutlm,
  title     = {LayoutLM: Pre-training of Text and Layout for Document Image Understanding},
  author    = {Xu, Yiheng and Li, Minghao and Cui, Lei and Huang, Shaohan and Wei, Furu and Zhou, Ming},
  booktitle = {Proceedings of the 26th ACM SIGKDD International Conference on Knowledge Discovery \& Data Mining},
  pages     = {1192--1200},
  year      = {2020}
}

@article{bert,
  title   = {BERT: A Review of Applications in Natural Language Processing and Understanding},
  author  = {Koroteev, Mikhail V},
  journal = {arXiv preprint arXiv:2103.11943},
  year    = {2021}
}

@article{donut,
  title   = {Donut: Document Understanding Transformer Without OCR},
  author  = {Kim, Geewook and Hong, Teakgyu and Yim, Moonbin and Park, Jinyoung and Yim, Jinyeong and Hwang, Wonseok and Yun, Sangdoo and Han, Dongyoon and Park, Seunghyun},
  journal = {arXiv preprint arXiv:2111.15664},
  volume  = {7},
  number  = {15},
  pages   = {2},
  year    = {2021}
}

@inproceedings{liu2021swin,
  title     = {Swin Transformer: Hierarchical Vision Transformer Using Shifted Windows},
  author    = {Liu, Ze and Lin, Yutong and Cao, Yue and Hu, Han and Wei, Yixuan and Zhang, Zheng and Lin, Stephen and Guo, Baining},
  booktitle = {Proceedings of the IEEE/CVF International Conference on Computer Vision},
  pages     = {10012--10022},
  year      = {2021}
}

@article{lewis2019bart,
  title   = {BART: Denoising Sequence-to-Sequence Pre-training for Natural Language Generation, Translation, and Comprehension},
  author  = {Lewis, Mike and Liu, Yinhan and Goyal, Naman and Ghazvininejad, Marjan and Mohamed, Abdelrahman and Levy, Omer and Stoyanov, Ves and Zettlemoyer, Luke},
  journal = {arXiv preprint arXiv:1910.13461},
  year    = {2019}
}

% Missing references for paper introduction
@article{Tempo2024BIQRIS,
  author  = {Tempo},
  title   = {BI Catat Transaksi QRIS Capai Rp 31,65 Triliun, Melonjak 149,46 Persen},
  journal = {Tempo.co},
  year    = {2024},
  url     = {https://www.tempo.co/ekonomi/bi-catat-transaksi-qris-capai-rp-31-65-triliun-melonjak-149-46-persen-84948}
}

@article{beck2019managing,
  author    = {Beck, Joshua J. and Garris III, Richard O.},
  title     = {Managing Personal Finance Literacy in the United States: A Case Study},
  journal   = {Education Sciences},
  volume    = {9},
  number    = {129},
  year      = {2019},
  pages     = {1--11},
  publisher = {MDPI},
  doi       = {10.3390/educsci9020129}
}

@article{wandhe2024new,
  title   = {The New Generation: Understanding Millennials and Gen Z},
  author  = {Wandhe, Dr Priyanka},
  journal = {Available at SSRN 4716585},
  year    = {2024}
}
